<?xml version="1.0" encoding="UTF-8"?>
<collection xmlns:xsi="http://www.w3.org/2001/XMLSchema-instance" xsi:schemaLocation="http://www.loc.gov/MARC21/slim http://www.loc.gov/standards/marcxml/schema/MARC21slim.xsd" xmlns="http://www.loc.gov/MARC21/slim">
<record>
  <leader>00750mam a2200229 a 4500</leader>
  <controlfield tag="001">1894799</controlfield>
  <controlfield tag="003">NNC</controlfield>
  <controlfield tag="005">20100218232635.0</controlfield>
  <controlfield tag="008">830915m19139999le            000 1 ara  </controlfield>
  <datafield tag="035" ind1=" " ind2=" ">
    <subfield code="a">(OCoLC)36264440</subfield>
  </datafield>
  <datafield tag="035" ind1=" " ind2=" ">
    <subfield code="a">(OCoLC)ocm36264440</subfield>
  </datafield>
  <datafield tag="035" ind1=" " ind2=" ">
    <subfield code="9">ALY5801CU</subfield>
  </datafield>
  <datafield tag="035" ind1=" " ind2=" ">
    <subfield code="a">(NNC)1894799</subfield>
  </datafield>
  <datafield tag="040" ind1=" " ind2=" ">
    <subfield code="a">NNC</subfield>
    <subfield code="c">NNC</subfield>
  </datafield>
  <datafield tag="050" ind1=" " ind2=" ">
    <subfield code="a">PJ7601</subfield>
    <subfield code="b">.B4</subfield>
  </datafield>
  <datafield tag="245" ind1="0" ind2="0">
    <subfield code="a">Nukhab al-mulaḥ /</subfield>
    <subfield code="c">jamaʻaha Yuḥannā Bilū wa-Aghūstīnūs Rūdih.</subfield>
  </datafield>
  <datafield tag="260" ind1=" " ind2=" ">
    <subfield code="a">Bayrūt :</subfield>
    <subfield code="b">al-Maṭbaʻah al-Kāthūlīkīyah lil-Ābā' al-Yasūʻīyīn,</subfield>
    <subfield code="c">1913-</subfield>
  </datafield>
  <datafield tag="300" ind1=" " ind2=" ">
    <subfield code="a">v. ;</subfield>
    <subfield code="c">20-23 cm.</subfield>
  </datafield>
  <datafield tag="505" ind1="0" ind2=" ">
    <subfield code="a">Vol.1. Pt. 1. Ḥikāyāt adabīyah.</subfield>
  </datafield>
  <datafield tag="650" ind1=" " ind2="0">
    <subfield code="a">Arabic literature.</subfield>
  </datafield>
  <datafield tag="700" ind1="1" ind2=" ">
    <subfield code="a">Belot, J. B.</subfield>
    <subfield code="q">(Jean Baptiste),</subfield>
    <subfield code="d">1822-1904.</subfield>
  </datafield>
  <datafield tag="700" ind1="1" ind2=" ">
    <subfield code="a">Rūdah, Aghustīnūs.</subfield>
  </datafield>
  <datafield tag="955" ind1=" " ind2=" ">
    <subfield code="b">CU01120557</subfield>
    <subfield code="d">off,glx</subfield>
    <subfield code="e">PJ7601 .B4</subfield>
    <subfield code="v">v.1</subfield>
  </datafield>
</record>
</collection>